@article{bengio2009learning,
  title={Learning deep architectures for AI},
  author={Bengio, Yoshua},
  journal={Foundations and trends{\textregistered} in Machine Learning},
  volume={2},
  number={1},
  pages={1--127},
  year={2009},
  publisher={Now Publishers Inc.}
}

@article{hochreiter1997long,
  title={Long short-term memory},
  author={Hochreiter, Sepp and Schmidhuber, J{\"u}rgen},
  journal={Neural computation},
  volume={9},
  number={8},
  pages={1735--1780},
  year={1997},
  publisher={MIT Press}
}

@article{zaremba2014recurrent,
  title={Recurrent neural network regularization},
  author={Zaremba, Wojciech and Sutskever, Ilya and Vinyals, Oriol},
  journal={arXiv preprint arXiv:1409.2329},
  year={2014}
}

@article{hinton2006reducing,
  title={Reducing the dimensionality of data with neural networks},
  author={Hinton, Geoffrey E and Salakhutdinov, Ruslan R},
  journal={science},
  volume={313},
  number={5786},
  pages={504--507},
  year={2006},
  publisher={American Association for the Advancement of Science}
}

@inproceedings{lee2017learning,
  title={Learning to Predict Driver Behavior from Observation},
  author={Santiago Onta{\~n}\'{o}n and Lee, Yi-Ching and Snodgrass, Sam and Winston, Flaura K and Gonzalez, Avelino J},
  BookTitle = {AAAI 2017 Spring Symposium on Learning from Observation of Humans},
  year={2017}
}

@book{Goodfellow-et-al-2016,
    title={Deep Learning},
    author={Ian Goodfellow and Yoshua Bengio and Aaron Courville},
    publisher={MIT Press},
    note={\url{http://www.deeplearningbook.org}},
    year={2016}
}

@book{murphy2012machine,
  title={Machine learning: a probabilistic perspective},
  author={Murphy, Kevin P},
  year={2012},
  publisher={MIT press}
}

@book{raschka2015python,
  title={Python machine learning},
  author={Raschka, Sebastian},
  year={2015},
  publisher={Packt Publishing Ltd}
}

@article{mcdonald2012using,
  title={Using crash data to develop simulator scenarios for assessing novice driver performance},
  author={McDonald, Catherine and Tanenbaum, Jason and Lee, Yi-Ching and Fisher, Donald and Mayhew, Daniel and Winston, Flaura},
  journal={Transportation Research Record: Journal of the Transportation Research Board},
  number={2321},
  pages={73--78},
  year={2012},
  publisher={Transportation Research Board of the National Academies}
}

@article{markkula2012review,
  title={A review of near-collision driver behavior models},
  author={Markkula, Gustav and Benderius, Ola and Wolff, Krister and Wahde, Mattias},
  journal={Human factors},
  volume={54},
  number={6},
  pages={1117--1143},
  year={2012},
  publisher={Sage Publications Sage CA: Los Angeles, CA}
}

@inproceedings{ontanon2014case,
  title={Case-based prediction of teen driver behavior and skill},
  author={Ontan{\'o}n, Santiago and Lee, Yi-Ching and Snodgrass, Sam and Bonfiglio, Dana and Winston, Flaura K and McDonald, Catherine and Gonzalez, Avelino J},
  booktitle={International Conference on Case-Based Reasoning},
  pages={375--389},
  year={2014},
  organization={Springer}
}

@article{nechyba1998stochastic,
  title={Stochastic similarity for validating human control strategy models},
  author={Nechyba, Michael C and Xu, Yangsheng},
  journal={IEEE Transactions on Robotics and Automation},
  volume={14},
  number={3},
  pages={437--451},
  year={1998},
  publisher={IEEE}
}

@article{rabiner1986introduction,
  title={An introduction to hidden Markov models},
  author={Rabiner, Lawrence and Juang, B},
  journal={ieee assp magazine},
  volume={3},
  number={1},
  pages={4--16},
  year={1986},
  publisher={IEEE}
}
